@book{Pfleiderer,
  title = {Inside the Jazzomat - New Perspectives for Jazz  Research},
  publisher = {Schott Campus},
  year = {2017},
  editor = {Pfleiderer, Martin and Frieler, Klaus and Abe{\ss}er, Jakob and Zaddach, Wolf-Georg and Burkhart, Benjamin},
}

@inproceedings{jannach2015beyond,
  title={Beyond ``hitting the hits'' Generating coherent music playlist continuations with the right tracks},
  author={Jannach, Dietmar and Lerche, Lukas and Kamehkhosh, Iman},
  booktitle={Proceedings of the 9th ACM Conference on Recommender Systems},
  pages={187--194},
  year={2015}
}

