Ilari, B. (2015). Rhythmic engagement with music in early childhood: A replication and extension. Journal of Research in Music Education, 62(4), 332-343.
@article{chauvigne2019multi,
  title={Multi-person and multisensory synchronization during group dancing},
  author={Chauvign{\'e}, L{\'e}a AS and Walton, Ashley and Richardson, Michael J and Brown, Steven},
  journal={Human movement science},
  volume={63},
  pages={199--208},
  year={2019},
  publisher={Elsevier}
}
@inproceedings{lartillot2007matlab,
  title={A Matlab toolbox for musical feature extraction from audio},
  author={Lartillot, Olivier and Toiviainen, Petri},
  booktitle={International conference on digital audio effects},
  volume={237},
  pages={244},
  year={2007},
  organization={Bordeaux}
}
@online{neto2022accel,
  author = {Pedro Neto},
  title = {Accelerometer test},
  year = 2022,
  url = {https://pasoneto.github.io/AccelerometerWeb/standaloneApp/accel_test.html},
  urldate = {2022-02-01}
}
@inproceedings{burger2013mocap,
  address = {Stockholm, Sweden},
  author = {Burger, Birgitta and Toiviainen, Petri},
  booktitle = {Proceedings of the 10th Sound and Music Computing Conference},
  editor = {Bresin, Roberto},
  pages = {172--178},
  publisher = {KTH Royal Institute of Technology},
  title = {{MoCap Toolbox -- A Matlab toolbox for computational analysis of movement data}},
  year = {2013}
}
@article{de2016psychophysics,
  title={Psychophysics in a Web browser? Comparing response times collected with JavaScript and Psychophysics Toolbox in a visual search task},
  author={de Leeuw, Joshua R and Motz, Benjamin A},
  journal={Behavior Research Methods},
  volume={48},
  number={1},
  pages={1--12},
  year={2016},
  publisher={Springer}
}
@article{tarr2014music,
  title={Music and social bonding:“self-other” merging and neurohormonal mechanisms},
  author={Tarr, Bronwyn and Launay, Jacques and Dunbar, Robin IM},
  journal={Frontiers in psychology},
  volume={5},
  pages={1096},
  year={2014},
  publisher={Frontiers}
}
@article{ilari2015rhythmic,
  title={Rhythmic engagement with music in early childhood: A replication and extension},
  author={Ilari, Beatriz},
  journal={Journal of Research in Music Education},
  volume={62},
  number={4},
  pages={332--343},
  year={2015},
  publisher={Sage Publications Sage CA: Los Angeles, CA}
}
@article{desain2003formation,
  title={The formation of rhythmic categories and metric priming},
  author={Desain, Peter and Honing, Henkjan},
  journal={Perception},
  volume={32},
  number={3},
  pages={341--365},
  year={2003},
  publisher={SAGE Publications Sage UK: London, England}
}
@article{keller2014rhythm,
  title={Rhythm in joint action: psychological and neurophysiological mechanisms for real-time interpersonal coordination},
  author={Keller, Peter E and Novembre, Giacomo and Hove, Michael J},
  journal={Philosophical Transactions of the Royal Society B: Biological Sciences},
  volume={369},
  number={1658},
  pages={20130394},
  year={2014},
  publisher={The Royal Society}
}
@article{phillips2007hearing,
  title={Hearing what the body feels: Auditory encoding of rhythmic movement},
  author={Phillips-Silver, Jessica and Trainor, Laurel J},
  journal={Cognition},
  volume={105},
  number={3},
  pages={533--546},
  year={2007},
  publisher={Elsevier}
}
@article{phillips2009meaning,
  title={On the meaning of movement in music, development and the brain},
  author={Phillips-Silver, Jessica},
  journal={Contemporary Music Review},
  volume={28},
  number={3},
  pages={293--314},
  year={2009},
  publisher={Taylor \& Francis}
}
Burger, B., London, J., Thompson, M. R., & Toiviainen, P. (2018). Synchronization to metrical levels in music depends on low-frequency spectral components and tempo. Psychological research, 82(6), 1195-1211.
@article{burger2018synchronization,
  title={Synchronization to metrical levels in music depends on low-frequency spectral components and tempo},
  author={Burger, Birgitta and London, Justin and Thompson, Marc R and Toiviainen, Petri},
  journal={Psychological research},
  volume={82},
  number={6},
  pages={1195--1211},
  year={2018},
  publisher={Springer}
}

@article{hannon2005metrical,
  title={Metrical categories in infancy and adulthood},
  author={Hannon, Erin E and Trehub, Sandra E},
  journal={Psychological science},
  volume={16},
  number={1},
  pages={48--55},
  year={2005},
  publisher={SAGE Publications Sage CA: Los Angeles, CA}
}
Huron, D. 2006. “Is music an evolutionary adaptation?”. In The origins of music, Edited by: Wallin, N. L., Merker, B. and Brown, S. 57–75. Cambridge, MA: MIT Press.
@article{huron2001music,
  title={Is music an evolutionary adaptation?},
  author={Huron, David},
  journal={Annals of the New York Academy of sciences},
  volume={930},
  number={1},
  pages={43--61},
  year={2001},
  publisher={Blackwell Publishing Ltd Oxford, UK}
}
Mehr, S., Krasnow, M., Bryant, G., & Hagen, E. (2021). Origins of music in credible signaling. Behavioral and Brain Sciences, 44, E60. doi:10.1017/S0140525X20000345
@article{mehr2021origins,
  title={Origins of music in credible signaling},
  author={Mehr, Samuel A and Krasnow, Max M and Bryant, Gregory A and Hagen, Edward H},
  journal={Behavioral and Brain Sciences},
  volume={44},
  year={2021},
  publisher={Cambridge University Press}
}
Savage, P. E., Loui, P., Tarr, B., Schachner, A., Glowacki, L., Mithen, S., & Fitch, W. T. (2021). Music as a coevolved system for social bonding. Behavioral and Brain Sciences, 44.
@article{savage2021music,
  title={Music as a coevolved system for social bonding},
  author={Savage, Patrick E and Loui, Psyche and Tarr, Bronwyn and Schachner, Adena and Glowacki, Luke and Mithen, Steven and Fitch, W Tecumseh},
  journal={Behavioral and Brain Sciences},
  volume={44},
  year={2021},
  publisher={Cambridge University Press}
}
Christensen, J.F., F.E. Pollick, A. Lambrechts, et al. (2016). Universality of dance movements: Affective responses to dance. Acta Psychol. 168: 91–105.
@article{christensen2016affective,
  title={Affective responses to dance},
  author={Christensen, Julia F and Pollick, Frank E and Lambrechts, Anna and Gomila, Antoni},
  journal={Acta psychologica},
  volume={168},
  pages={91--105},
  year={2016},
  publisher={Elsevier}
}
Christensen, J. F., Cela‐Conde, C. J., \&  Gomila, A. (2017). Not all about sex: neural and biobehavioral functions of human dance. Annals of the New York Academy of Sciences, 1400(1), 8-32.
@article{christensen2017not,
  title={Not all about sex: neural and biobehavioral functions of human dance},
  author={Christensen, Julia F and Cela-Conde, Camilo Jos{\'e} and Gomila, Antoni},
  journal={Annals of the New York Academy of Sciences},
  volume={1400},
  number={1},
  pages={8--32},
  year={2017},
  publisher={Wiley Online Library}
}
González Sánchez, V., Żelechowska, A., \&  Jensenius, A. R. (2020). Analysis of the movement-inducing effects of music through the fractality of head sway during standstill. Journal of Motor Behavior, 52(6), 734–749. https://doi.org/10.1080/00222895.2019.1689909
@article{gonzalez2020analysis,
  title={Analysis of the movement-inducing effects of music through the fractality of head sway during standstill},
  author={Gonz{\'a}lez S{\'a}nchez, Victor and {\.Z}elechowska, Agata and Jensenius, Alexander Refsum},
  journal={Journal of motor behavior},
  volume={52},
  number={6},
  pages={734--749},
  year={2020},
  publisher={Taylor \& Francis}
}
Burger, B., Saarikallio, S., Luck, G., Thompson, M. R., \& Toiviainen, P. (2012). Relationships between perceived emotions in music and music-induced movement. Music Perception: An Interdisciplinary Journal, 30(5), 517-533.
@article{burger2012relationships,
  title={Relationships between perceived emotions in music and music-induced movement},
  author={Burger, Birgitta and Saarikallio, Suvi and Luck, Geoff and Thompson, Marc R and Toiviainen, Petri},
  journal={Music Perception: An Interdisciplinary Journal},
  volume={30},
  number={5},
  pages={517--533},
  year={2012},
  publisher={University of California Press}
}
Richter, J., \& Ostovar, R. (2016). “It don’t mean a thing if it ain’t got that swing”–an alternative concept for understanding the evolution of dance and music in human beings. Frontiers in human neuroscience, 10, 485.
@article{richter2016don,
  title={“It don’t mean a thing if it ain’t got that swing”--an alternative concept for understanding the evolution of dance and music in human beings},
  author={Richter, Joachim and Ostovar, Roya},
  journal={Frontiers in human neuroscience},
  volume={10},
  pages={485},
  year={2016},
  publisher={Frontiers}
}
Toiviainen, P., Luck, G., \& Thompson, M. R. (2010). Embodied meter: hierarchical eigenmodes in music-induced movement. Music Perception, 28(1), 59-70.
@article{toiviainen2010embodied,
  title={Embodied meter: hierarchical eigenmodes in music-induced movement},
  author={Toiviainen, Petri and Luck, Geoff and Thompson, Marc R},
  journal={Music Perception},
  volume={28},
  number={1},
  pages={59--70},
  year={2010},
  publisher={University of California Press USA}
}
Gonzalez-Sanchez, V. E., Zelechowska, A., \&  Jensenius, A. R. (2018). Correspondences between music and involuntary human micromotion during standstill. Frontiers in Psychology, 9, Article 1382. https://doi.org/10.3389/fpsyg.2018.01382
@article{gonzalez2018correspondences,
  title={Correspondences between music and involuntary human micromotion during standstill},
  author={Gonzalez-Sanchez, Victor E and Zelechowska, Agata and Jensenius, Alexander Refsum},
  journal={Frontiers in psychology},
  volume={9},
  pages={1382},
  year={2018},
  publisher={Frontiers}
}
Fujii, S., Watanabe, H., Oohashi, H., Hirashima, M., Nozaki, D., and Taga, G. (2014). Precursors of dancing and singing to music in three-to four-months-old infants. PLoS ONE 9:e97680. doi: 10.1371/journal.pone.0097680
@article{fujii2014precursors,
  title={Precursors of dancing and singing to music in three-to four-months-old infants},
  author={Fujii, Shinya and Watanabe, Hama and Oohashi, Hiroki and Hirashima, Masaya and Nozaki, Daichi and Taga, Gentaro},
  journal={PloS one},
  volume={9},
  number={5},
  pages={e97680},
  year={2014},
  publisher={Public Library of Science San Francisco, USA}
}
Zentner, M., and Eerola, T. (2010). Rhythmic engagement with music in infancy. Proc. Natl. Acad. Sci. U.S.A. 107, 5768–5773. doi: 10.1073/pnas.1000121107
@article{zentner2010rhythmic,
  title={Rhythmic engagement with music in infancy},
  author={Zentner, Marcel and Eerola, Tuomas},
  journal={Proceedings of the National Academy of Sciences},
  volume={107},
  number={13},
  pages={5768--5773},
  year={2010},
  publisher={National Acad Sciences}
}
Phillips-Silver, J., and Trainor, L. J. (2005). Feeling the beat: movement influences infants rhythm perception. Science 308: 1430. doi: 10.1126/science.1110922
@article{phillips2005feeling,
  title={Feeling the beat: movement influences infant rhythm perception},
  author={Phillips-Silver, Jessica and Trainor, Laurel J},
  journal={Science},
  volume={308},
  number={5727},
  pages={1430--1430},
  year={2005},
  publisher={American Association for the Advancement of Science}
}
Cross, I. (2001). Music, cognition, culture, and evolution. Annals of the New York Academy of Sciences, 930, 28–42.
@article{cross2001music,
  title={Music, cognition, culture, and evolution},
  author={Cross, Ian},
  journal={Annals of the New York Academy of sciences},
  volume={930},
  number={1},
  pages={28--42},
  year={2001},
  publisher={Blackwell Publishing Ltd Oxford, UK}
}
Thompson, W. F., \& Olsen, K. N. (Eds.). (2021). The Science and Psychology of Music: From Beethoven at the Office to Beyoncé at the Gym. ABC-CLIO.
@book{thompson2021science,
  title={The Science and Psychology of Music: From Beethoven at the Office to Beyonc{\'e} at the Gym},
  author={Thompson, William Forde and Olsen, Kirk N},
  year={2021},
  publisher={ABC-CLIO}
}
Tarr B, Launay J, Cohen E. Dunbar R. 2015 Synchrony and exertion during dance independently raise pain threshold and encourage social bonding. Biol. Lett. 11:20150767. http://dx.doi.org/10.1098/rsbl.2015.0767
@article{launay2013synchronization,
  title={Synchronization can influence trust following virtual interaction},
  author={Launay, Jacques and Dean, Roger T and Bailes, Freya},
  journal={Experimental psychology},
  year={2013},
  publisher={Hogrefe Publishing}
}
Patel, A. D. (2014). The evolutionary biology of musical rhythm: was Darwin wrong?. PLoS biology, 12(3), e1001821.
@article{patel2014evolutionary,
  title={The evolutionary biology of musical rhythm: was Darwin wrong?},
  author={Patel, Aniruddh D},
  journal={PLoS biology},
  volume={12},
  number={3},
  pages={e1001821},
  year={2014},
  publisher={Public Library of Science San Francisco, USA}
}
Fitch, W. (2013). Rhythmic cognition in humans and animals: distinguishing meter and pulse perception. Frontiers in systems neuroscience, 7, 68.
@article{fitch2013rhythmic,
  title={Rhythmic cognition in humans and animals: distinguishing meter and pulse perception},
  author={Fitch, W},
  journal={Frontiers in systems neuroscience},
  volume={7},
  pages={68},
  year={2013},
  publisher={Frontiers}
}
Garfinkel, Y. (1998). Dancing and the beginning of art scenes in the early village communities of the near East and South-east Europe. Camb. Archaeol. J.8:207–237.
@article{garfinkel1998dancing,
  title={Dancing and the beginning of art scenes in the early village communities of the Near East and southeast Europe},
  author={Garfinkel, Yosef},
  journal={Cambridge Archaeological Journal},
  volume={8},
  number={2},
  pages={207--237},
  year={1998},
  publisher={Cambridge University Press}
}
Kohn, D., \& Eitan, Z. (2016). Moving music: Correspondences of musical parameters and movement dimensions in children's motion and verbal responses. Music Perception: An Interdisciplinary Journal, 34(1), 40-55.
@article{kohn2016moving,
  title={Moving music: Correspondences of musical parameters and movement dimensions in children's motion and verbal responses},
  author={Kohn, Dafna and Eitan, Zohar},
  journal={Music Perception: An Interdisciplinary Journal},
  volume={34},
  number={1},
  pages={40--55},
  year={2016},
  publisher={University of California Press}
}
Winkler, I., Háden, G. P., Ladinig, O., Sziller, I., and Honing, H. (2009). Newborn infants detect the beat in music. Proc. Natl. Acad. Sci. U.S.A. 106, 2468–2471. doi: 10.1073/pnas.0809035106
@article{winkler2009newborn,
  title={Newborn infants detect the beat in music},
  author={Winkler, Istv{\'a}n and H{\'a}den, G{\'a}bor P and Ladinig, Olivia and Sziller, Istv{\'a}n and Honing, Henkjan},
  journal={Proceedings of the National Academy of Sciences},
  volume={106},
  number={7},
  pages={2468--2471},
  year={2009},
  publisher={National Acad Sciences}
}
Mogan, R., Fischer, R. \& Bulbulia, J. A. To be in synchrony or not? A meta-analysis of synchrony’s effects on behavior, perception, cognition and affect. J. Exp. Soc. Psychol. 72, 13–20 (2017).
@article{mogan2017synchrony,
  title={To be in synchrony or not? A meta-analysis of synchrony's effects on behavior, perception, cognition and affect},
  author={Mogan, Reneeta and Fischer, Ronald and Bulbulia, Joseph A},
  journal={Journal of Experimental Social Psychology},
  volume={72},
  pages={13--20},
  year={2017},
  publisher={Elsevier}
}
Wiltermuth, S. S., \& Heath, C. (2009). Synchrony and cooperation. Psychological science, 20(1), 1-5.
@article{wiltermuth2009synchrony,
  title={Synchrony and cooperation},
  author={Wiltermuth, Scott S and Heath, Chip},
  journal={Psychological science},
  volume={20},
  number={1},
  pages={1--5},
  year={2009},
  publisher={SAGE Publications Sage CA: Los Angeles, CA}
}
Kirschner, S., \& Tomasello, M. (2010). Joint music making promotes prosocial behavior in 4-year-old children. Evolution and Human Behavior, 31(5), 354-364.
@article{kirschner2010joint,
  title={Joint music making promotes prosocial behavior in 4-year-old children},
  author={Kirschner, Sebastian and Tomasello, Michael},
  journal={Evolution and Human Behavior},
  volume={31},
  number={5},
  pages={354--364},
  year={2010},
  publisher={Elsevier}
}
Cook, P., Rouse, A., Wilson, M., and Reichmuth, C. J. (2013). A california sea lion (Zalophus californianus) can keep the beat: motor entrainment to rhythmic auditory stimuli in a non vocal mimic. J. Comp. Psychol. 127, 1–16. doi: 10.1037/a0032345
@article{cook2013california,
  title={A California sea lion (Zalophus californianus) can keep the beat: motor entrainment to rhythmic auditory stimuli in a non vocal mimic.},
  author={Cook, Peter and Rouse, Andrew and Wilson, Margaret and Reichmuth, Colleen},
  journal={Journal of Comparative Psychology},
  volume={127},
  number={4},
  pages={412},
  year={2013},
  publisher={American Psychological Association}
}
Wilson, M., \& Cook, P. F. (2016). Rhythmic entrainment: why humans want to, fireflies can’t help it, pet birds try, and sea lions have to be bribed. Psychonomic bulletin & review, 23(6), 1647-1659.
@article{wilson2016rhythmic,
  title={Rhythmic entrainment: why humans want to, fireflies can’t help it, pet birds try, and sea lions have to be bribed},
  author={Wilson, Margaret and Cook, Peter F},
  journal={Psychonomic bulletin \& review},
  volume={23},
  number={6},
  pages={1647--1659},
  year={2016},
  publisher={Springer}
}
Krumhansl, C. L., \& Cuddy, L. L. (2010). A theory of tonal hierarchies in music. In Music perception (pp. 51-87). Springer, New York, NY.
@incollection{krumhansl2010theory,
  title={A theory of tonal hierarchies in music},
  author={Krumhansl, Carol L and Cuddy, Lola L},
  booktitle={Music perception},
  pages={51--87},
  year={2010},
  publisher={Springer}
}
Jackendoff, R., \& Lerdahl, F. (2006). The capacity for music: What is it, and what’s special about it?. Cognition, 100(1), 33-72.
@article{jackendoff2006capacity,
  title={The capacity for music: What is it, and what’s special about it?},
  author={Jackendoff, Ray and Lerdahl, Fred},
  journal={Cognition},
  volume={100},
  number={1},
  pages={33--72},
  year={2006},
  publisher={Elsevier}
}
Koelsch, S., Rohrmeier, M., Torrecuso, R., \& Jentschke, S. (2013). Processing of hierarchical syntactic structure in music. Proceedings of the National Academy of Sciences, 110(38), 15443-15448.
@article{koelsch2013processing,
  title={Processing of hierarchical syntactic structure in music},
  author={Koelsch, Stefan and Rohrmeier, Martin and Torrecuso, Renzo and Jentschke, Sebastian},
  journal={Proceedings of the National Academy of Sciences},
  volume={110},
  number={38},
  pages={15443--15448},
  year={2013},
  publisher={National Acad Sciences}
}
Ladinig, O., Honing, H., Hááden, G., \& Winkler, I. (2009). Probing attentive and preattentive emergent meter in adult listeners without extensive music training. Music Perception, 26(4), 377-386.
@article{ladinig2009probing,
  title={Probing attentive and preattentive emergent meter in adult listeners without extensive music training},
  author={Ladinig, Olivia and Honing, Henkjan and H{\'a}{\'a}den, G{\'a}{\'a}bor and Winkler, Istv{\'a}{\'a}n},
  journal={Music Perception},
  volume={26},
  number={4},
  pages={377--386},
  year={2009},
  publisher={University of California Press USA}
}
Honing, H. (2012). Without it no music: beat induction as a fundamental musical trait. Annals of the New York Academy of Sciences, 1252(1), 85-91.
@article{honing2012without,
  title={Without it no music: beat induction as a fundamental musical trait},
  author={Honing, Henkjan},
  journal={Annals of the New York Academy of Sciences},
  volume={1252},
  number={1},
  pages={85--91},
  year={2012},
  publisher={Citeseer}
}
savageCirelli, L. K., Einarson, K. M., & Trainor, L. J. (2014). Interpersonal synchrony increases prosocial behavior in infants. Developmental science, 17(6), 1003-1011.
@article{cirelli2014interpersonal,
  title={Interpersonal synchrony increases prosocial behavior in infants},
  author={Cirelli, Laura K and Einarson, Kathleen M and Trainor, Laurel J},
  journal={Developmental science},
  volume={17},
  number={6},
  pages={1003--1011},
  year={2014},
  publisher={Wiley Online Library}
}
Kirschner, S., & Ilari, B. (2014). Joint drumming in Brazilian and German preschool children: Cultural differences in rhythmic entrainment, but no prosocial effects. Journal of Cross-Cultural Psychology, 45(1), 137-166.
@article{kirschner2014joint,
  title={Joint drumming in Brazilian and German preschool children: Cultural differences in rhythmic entrainment, but no prosocial effects},
  author={Kirschner, Sebastian and Ilari, Beatriz},
  journal={Journal of Cross-Cultural Psychology},
  volume={45},
  number={1},
  pages={137--166},
  year={2014},
  publisher={Sage Publications Sage CA: Los Angeles, CA}
}
